<?xml version="1.0" encoding="UTF-8"?><collection xmlns="http://www.loc.gov/MARC21/slim"><record><leader>00526nam--2200193-u-4500</leader><controlfield tag="001">000050571</controlfield><controlfield tag="002">20161230</controlfield><controlfield tag="005">20161230201048</controlfield><controlfield tag="008">070918s1000------------r-----000-0-eng-d</controlfield><datafield ind1=" " ind2=" " tag="040"><subfield code="a">IFIN-HH</subfield></datafield><datafield ind1=" " ind2=" " tag="041"><subfield code="a">rus</subfield></datafield><datafield ind1="1" ind2=" " tag="100"><subfield code="a">Zur Capellen,W.Meyer</subfield></datafield><datafield ind1="1" ind2="0" tag="245"><subfield code="a">Instrumentalnaya Matematika dlya inzhenerov</subfield></datafield><datafield ind1=" " ind2=" " tag="260"><subfield code="a">Moskva</subfield><subfield code="b">Gosudarstvennoe Izdatelstva</subfield><subfield code="c">1959</subfield></datafield><datafield ind1=" " ind2=" " tag="300"><subfield code="a">379 p</subfield></datafield><datafield ind1=" " ind2=" " tag="490"><subfield code="a">Fiziko-Matematicheskaya Bibliioteka Inzhenera</subfield></datafield><datafield ind1=" " ind2="4" tag="650"><subfield code="a">Arifmetika i algebra</subfield></datafield><datafield ind1=" " ind2=" " tag="852"><subfield code="c">51</subfield></datafield><datafield ind1=" " ind2=" " tag="CAT"><subfield code="a">Sys</subfield><subfield code="c">20070918</subfield><subfield code="h">114149</subfield></datafield></record></collection>